<record><leader>00000cas a2200000 a 4500</leader><controlfield tag="001">13107856</controlfield><controlfield tag="008">860205d19761987inuwr ne      0    0eng d</controlfield><datafield ind1=" " ind2=" " tag="010"><subfield code="a">sn 86063049 </subfield></datafield><datafield ind1=" " ind2=" " tag="040"><subfield code="a">KSH</subfield><subfield code="b">eng</subfield><subfield code="c">KSH</subfield><subfield code="d">NPT</subfield><subfield code="d">NPI</subfield><subfield code="d">OCL</subfield><subfield code="d">OCLCQ</subfield></datafield><datafield ind1=" " ind2=" " tag="042"><subfield code="a">msc</subfield></datafield><datafield ind1="0" ind2="4" tag="245"><subfield code="a">The Carmel news journal.</subfield></datafield><datafield ind1=" " ind2=" " tag="260"><subfield code="a">Carmel, Ind. :</subfield><subfield code="b">Harry Smith,</subfield><subfield code="c">1976-1987.</subfield></datafield><datafield ind1=" " ind2=" " tag="300"><subfield code="a">12 v.</subfield></datafield><datafield ind1=" " ind2=" " tag="310"><subfield code="a">Weekly</subfield></datafield><datafield ind1="0" ind2=" " tag="362"><subfield code="a">Vol. 11, no. 13 (Mar. 31, 1976)-v. 22, no. 3 (Jan. 21, 1987).</subfield></datafield><datafield ind1=" " ind2=" " tag="752"><subfield code="a">United States</subfield><subfield code="b">Indiana</subfield><subfield code="c">Hamilton</subfield><subfield code="d">Carmel.</subfield></datafield><datafield ind1="0" ind2="0" tag="780"><subfield code="t">News journal (Carmel, Ind.)</subfield><subfield code="w">(DLC)sn 86058656</subfield></datafield><datafield ind1="0" ind2="7" tag="785"><subfield code="t">Carmel tribune</subfield><subfield code="w">(DLC)sn 86058658</subfield></datafield><datafield ind1="0" ind2="7" tag="785"><subfield code="t">Carmel news-tribune</subfield><subfield code="w">(DLC)sn 87055399</subfield></datafield><datafield ind1="1" ind2=" " tag="029"><subfield code="a">AU@</subfield><subfield code="b">000022167059</subfield></datafield></record>